<record><leader>00000cas a2200000 i 4500</leader><controlfield tag="001">962326397</controlfield><controlfield tag="006">m     o  d        </controlfield><controlfield tag="007">cr |||||||||||</controlfield><controlfield tag="008">161109d18861887ncuwr neo     0   a0eng  </controlfield><datafield ind1=" " ind2=" " tag="010"><subfield code="a">  2016271220</subfield></datafield><datafield ind1=" " ind2=" " tag="040"><subfield code="a">DLC</subfield><subfield code="b">eng</subfield><subfield code="e">rda</subfield><subfield code="c">DLC</subfield><subfield code="d">DLC</subfield></datafield><datafield ind1="0" ind2=" " tag="022"><subfield code="a">2475-0603</subfield><subfield code="2">1</subfield></datafield><datafield ind1=" " ind2=" " tag="042"><subfield code="a">pcc</subfield><subfield code="a">nsdp</subfield></datafield><datafield ind1="0" ind2=" " tag="130"><subfield code="a">Weekly sentinel (Winston-Salem, N.C.)</subfield></datafield><datafield ind1=" " ind2="4" tag="222"><subfield code="a">The weekly sentinel (Winston-Salem, N.C. Online)</subfield></datafield><datafield ind1="1" ind2="4" tag="245"><subfield code="a">The weekly sentinel.</subfield></datafield><datafield ind1=" " ind2="1" tag="264"><subfield code="a">Winston-Salem, N. C. :</subfield><subfield code="b">Oldham Publishing House,</subfield><subfield code="c">1886-1887.</subfield></datafield><datafield ind1=" " ind2=" " tag="300"><subfield code="a">1 online resource</subfield></datafield><datafield ind1=" " ind2=" " tag="310"><subfield code="a">Weekly</subfield></datafield><datafield ind1=" " ind2=" " tag="336"><subfield code="a">text</subfield><subfield code="b">txt</subfield><subfield code="2">rdacontent</subfield></datafield><datafield ind1=" " ind2=" " tag="337"><subfield code="a">computer</subfield><subfield code="b">c</subfield><subfield code="2">rdamedia</subfield></datafield><datafield ind1=" " ind2=" " tag="338"><subfield code="a">online resource</subfield><subfield code="b">cr</subfield><subfield code="2">rdacarrier</subfield></datafield><datafield ind1="1" ind2=" " tag="362"><subfield code="a">Began with vol. XXX, no. 18 (May 6, 1886); ceased with Vol. XXXI, no. 26 (July 7, 1887).</subfield></datafield><datafield ind1=" " ind2=" " tag="500"><subfield code="a">Published from Winston, N.C. until Apr. 21, 1887; published from Winston-Salem, N.C.: Apr. 28, 1887-&lt;July 7, 1887&gt;.</subfield></datafield><datafield ind1=" " ind2=" " tag="588"><subfield code="a">Description based on: Vol. XXX, no. 18 (May 6, 1886); title from masthead (Chroniclingamerica.loc.gov, viewed November 9, 2016).</subfield></datafield><datafield ind1=" " ind2=" " tag="588"><subfield code="a">Latest issue consulted: Vol. XXXI, no. 26 (July 7, 1887) (Chroniclingamerica.loc.gov, viewed November 9, 2016).</subfield></datafield><datafield ind1=" " ind2="0" tag="651"><subfield code="a">Winston-Salem (N.C.)</subfield><subfield code="v">Newspapers.</subfield></datafield><datafield ind1=" " ind2="0" tag="651"><subfield code="a">Forsyth County (N.C.)</subfield><subfield code="v">Newspapers.</subfield></datafield><datafield ind1=" " ind2="7" tag="651"><subfield code="a">North Carolina</subfield><subfield code="z">Forsyth County.</subfield><subfield code="2">fast</subfield><subfield code="0">(OCoLC)fst01207435</subfield></datafield><datafield ind1=" " ind2="7" tag="651"><subfield code="a">North Carolina</subfield><subfield code="z">Winston-Salem.</subfield><subfield code="2">fast</subfield><subfield code="0">(OCoLC)fst01206125</subfield></datafield><datafield ind1=" " ind2="7" tag="655"><subfield code="a">Newspapers.</subfield><subfield code="2">fast</subfield><subfield code="0">(OCoLC)fst01423814</subfield></datafield><datafield ind1=" " ind2=" " tag="752"><subfield code="a">United States</subfield><subfield code="b">North Carolina</subfield><subfield code="c">Forsyth</subfield><subfield code="d">Winston-Salem.</subfield></datafield><datafield ind1=" " ind2=" " tag="752"><subfield code="a">United States</subfield><subfield code="b">North Carolina</subfield><subfield code="c">Forsyth</subfield><subfield code="d">Winston.</subfield></datafield><datafield ind1="0" ind2="8" tag="776"><subfield code="i">Originally issued in print:</subfield><subfield code="t">Weekly sentinel (Winston-Salem, N.C.)</subfield><subfield code="x">2475-059X</subfield><subfield code="w">(DLC)sn 92073231</subfield><subfield code="w">(OCoLC)27160825</subfield></datafield><datafield ind1="0" ind2="0" tag="780"><subfield code="t">Western sentinel (Winston-Salem, N.C. : 1856)</subfield><subfield code="x">2472-2871</subfield><subfield code="w">(DLC)  2016271071</subfield><subfield code="w">(OCoLC)948671376</subfield></datafield><datafield ind1="0" ind2="0" tag="785"><subfield code="t">Western sentinel (Winston-Salem, N.C. : 1887)</subfield><subfield code="x">2475-062X</subfield><subfield code="w">(DLC)  2016271221</subfield><subfield code="w">(OCoLC)962330105</subfield></datafield><datafield ind1="4" ind2="0" tag="856"><subfield code="u">http://chroniclingamerica.loc.gov/lccn/sn92073231/issues/</subfield></datafield></record>